<?xml version="1.0" encoding="UTF-8"?><collection xmlns="http://www.loc.gov/MARC21/slim"><record><leader>00599nam--2200181-i-4500</leader><controlfield tag="001">000048819</controlfield><controlfield tag="002">20161230</controlfield><controlfield tag="005">20161230201047</controlfield><controlfield tag="008">060222s1000------------r-----000-0-eng-d</controlfield><datafield ind1=" " ind2=" " tag="040"><subfield code="a">IFIN-HH</subfield></datafield><datafield ind1=" " ind2=" " tag="080"><subfield code="a">539.17(061.3)</subfield></datafield><datafield ind1="1" ind2=" " tag="100"><subfield code="a">Leith, D.W.G.S</subfield></datafield><datafield ind1="1" ind2="0" tag="245"><subfield code="a">Proceedings of summer institute on particle physics july 9-28, 1973 slac report no.167</subfield><subfield code="b">Vol.1. deep inelastic electroproduction</subfield><subfield code="c">D.w.g.s. leith, s.d. drell (eds.)</subfield></datafield><datafield ind1=" " ind2=" " tag="260"><subfield code="a">Standford, California</subfield><subfield code="b">Standford University</subfield><subfield code="c">1973</subfield></datafield><datafield ind1=" " ind2=" " tag="300"><subfield code="a">371P</subfield></datafield><datafield ind1="1" ind2=" " tag="700"><subfield code="a">Drell, S.D</subfield><subfield code="e">Ed</subfield></datafield><datafield ind1=" " ind2=" " tag="852"><subfield code="a">78968</subfield><subfield code="c">539.17</subfield></datafield><datafield ind1=" " ind2=" " tag="CAT"><subfield code="a">Sys</subfield><subfield code="c">20120626</subfield><subfield code="h">170256</subfield></datafield></record></collection>